@article{ref:maeno2016,
  title={スウィーピングのカーリング・ストーン運動に対する影響},
  author={前野 紀一},
  journal={シンポジウム: スポーツ・アンド・ヒューマン・ダイナミクス講演論文集},
  volume={2016},
  number={ },
  pages={C-23},
  year={2016},
  doi={10.1299/jsmeshd.2016.C-23}
}